<?xml version="1.0" encoding="UTF-8" ?>
<collection xmlns:xsi="http://www.w3.org/2001/XMLSchema-instance"
    xsi:schemaLocation="http://www.loc.gov/MARC21/slim
        http://www.loc.gov/standards/marcxml/schema/MARC21slim.xsd"
    xmlns="http://www.loc.gov/MARC21/slim">
<record>
  <leader>00320nam  2200589 a 4500</leader>
  <controlfield tag="001">0694061</controlfield>
  <controlfield tag="003">CZ-CbJVK</controlfield>
  <controlfield tag="005">20171110135434.5</controlfield>
  <controlfield tag="007">sd-fungnnmmned</controlfield>
  <controlfield tag="008">170118t20162016xr-munng-d--------n-cze-d</controlfield>
  <datafield tag="015" ind1=" " ind2=" ">
    <subfield code="a">cnb002887771</subfield>
  </datafield>
  <datafield tag="024" ind1="3" ind2=" ">
    <subfield code="a">8594042901019</subfield>
  </datafield>
  <datafield tag="028" ind1="0" ind2="1">
    <subfield code="a">G 16 097 2</subfield>
    <subfield code="b">Galén</subfield>
  </datafield>
  <datafield tag="040" ind1=" " ind2=" ">
    <subfield code="a">CBA001</subfield>
    <subfield code="b">cze</subfield>
    <subfield code="e">rda</subfield>
  </datafield>
  <datafield tag="043" ind1=" " ind2=" ">
    <subfield code="a">e-xr---</subfield>
  </datafield>
  <datafield tag="045" ind1=" " ind2=" ">
    <subfield code="a">y1y1</subfield>
  </datafield>
  <datafield tag="047" ind1=" " ind2=" ">
    <subfield code="a">pp</subfield>
    <subfield code="a">zz</subfield>
  </datafield>
  <datafield tag="072" ind1=" " ind2="7">
    <subfield code="a">78.011.26</subfield>
    <subfield code="x">Populární hudba. Populární písně. Populární taneční hudba</subfield>
    <subfield code="9">9</subfield>
    <subfield code="2">Konspekt</subfield>
  </datafield>
  <datafield tag="080" ind1=" " ind2=" ">
    <subfield code="a">784.7</subfield>
    <subfield code="2">MRF</subfield>
  </datafield>
  <datafield tag="080" ind1=" " ind2=" ">
    <subfield code="a">784.4</subfield>
    <subfield code="2">MRF</subfield>
  </datafield>
  <datafield tag="080" ind1=" " ind2=" ">
    <subfield code="a">784.4.011.26</subfield>
    <subfield code="2">MRF</subfield>
  </datafield>
  <datafield tag="080" ind1=" " ind2=" ">
    <subfield code="a">(437.3)</subfield>
    <subfield code="2">MRF</subfield>
  </datafield>
  <datafield tag="080" ind1=" " ind2=" ">
    <subfield code="a">(437.1/.3)</subfield>
    <subfield code="2">MRF</subfield>
  </datafield>
  <datafield tag="080" ind1=" " ind2=" ">
    <subfield code="a">78.03.011.26</subfield>
    <subfield code="2">MRF</subfield>
  </datafield>
  <datafield tag="080" ind1=" " ind2=" ">
    <subfield code="a">(086.76)</subfield>
    <subfield code="2">MRF</subfield>
  </datafield>
  <datafield tag="245" ind1="0" ind2="0">
    <subfield code="a">_lakuna</subfield>
  </datafield>
  <datafield tag="264" ind1=" " ind2="1">
    <subfield code="a">Praha :</subfield>
    <subfield code="b">Galén,</subfield>
    <subfield code="c">2016</subfield>
  </datafield>
  <datafield tag="264" ind1=" " ind2="4">
    <subfield code="c">℗2016</subfield>
  </datafield>
  <datafield tag="300" ind1=" " ind2=" ">
    <subfield code="a">1 CD audio (41:18) ;</subfield>
    <subfield code="c">12 cm +</subfield>
    <subfield code="e">1 brožura</subfield>
  </datafield>
  <datafield tag="306" ind1=" " ind2=" ">
    <subfield code="a">004118</subfield>
  </datafield>
  <datafield tag="336" ind1=" " ind2=" ">
    <subfield code="a">hraná hudba</subfield>
    <subfield code="b">prm</subfield>
    <subfield code="2">rdacontent</subfield>
  </datafield>
  <datafield tag="337" ind1=" " ind2=" ">
    <subfield code="a">audio</subfield>
    <subfield code="b">s</subfield>
    <subfield code="2">rdamedia</subfield>
  </datafield>
  <datafield tag="338" ind1=" " ind2=" ">
    <subfield code="a">audiodisk</subfield>
    <subfield code="b">sd</subfield>
    <subfield code="2">rdacarrier</subfield>
  </datafield>
  <datafield tag="344" ind1=" " ind2=" ">
    <subfield code="a">digital</subfield>
    <subfield code="2">rda</subfield>
  </datafield>
  <datafield tag="347" ind1=" " ind2=" ">
    <subfield code="a">audio soubor</subfield>
    <subfield code="b">CD audio</subfield>
    <subfield code="2">rda</subfield>
  </datafield>
  <datafield tag="500" ind1=" " ind2=" ">
    <subfield code="a">Název z disku</subfield>
  </datafield>
  <datafield tag="500" ind1=" " ind2=" ">
    <subfield code="a">Brožura (18 stran) obsahuje texty písní, uložena v papírovém pouzdře</subfield>
  </datafield>
  <datafield tag="500" ind1=" " ind2=" ">
    <subfield code="a">Texty Tomáš Suchý (1, 2, 4, 5, 7, 9, 10, 12), Petra Hynčíková (6, 11) a další</subfield>
  </datafield>
  <datafield tag="505" ind1="0" ind2=" ">
    <subfield code="a">Anděli (3:02) -- Řeka ve mně (2:35) -- Emily 928 (5:13) -- Po tmě (4:04) -- Veslo (3:58) -- Kočička (2:15) -- Lásko má (4:23) -- Perspektiva (2:23) -- Smyčka (1:51) -- Šrám (4:08) -- Nahoru dolu (3:34) -- V objetí (3:31)</subfield>
  </datafield>
  <datafield tag="508" ind1=" " ind2=" ">
    <subfield code="a">Hudba Tomáš Suchý (1, 2, 4, 5, 7, 9, 10, 12), Petra Hynčíková (3, 6, 8, 11) a další</subfield>
  </datafield>
  <datafield tag="511" ind1="1" ind2=" ">
    <subfield code="a">Lakuna (Petra Kuna Hynčíková, zpěv, akordeon ; Tomáš Suchý, kytary, banjo ; Jitka Malczyk, housle ; Milan Voráček, basové kytary ; Martin Rychta, bicí, perkuse) a hosté</subfield>
  </datafield>
  <datafield tag="518" ind1=" " ind2=" ">
    <subfield code="a">Nahráno a smícháno v dubnu až říjnu 2016 ve studiu 3bees, Praha</subfield>
  </datafield>
  <datafield tag="648" ind1=" " ind2="7">
    <subfield code="a">2016</subfield>
    <subfield code="7">ch967318</subfield>
    <subfield code="2">czenas</subfield>
  </datafield>
  <datafield tag="648" ind1=" " ind2="7">
    <subfield code="a">2011-2020</subfield>
    <subfield code="7">ch460589</subfield>
    <subfield code="2">czenas</subfield>
  </datafield>
  <datafield tag="650" ind1="0" ind2="7">
    <subfield code="a">populární písně</subfield>
    <subfield code="z">Česko</subfield>
    <subfield code="y">2011-2020</subfield>
    <subfield code="7">ph124354</subfield>
    <subfield code="2">czenas</subfield>
  </datafield>
  <datafield tag="650" ind1=" " ind2="7">
    <subfield code="a">folk</subfield>
    <subfield code="z">Česko</subfield>
    <subfield code="y">2011-2020</subfield>
    <subfield code="7">ph119202</subfield>
    <subfield code="2">czenas</subfield>
  </datafield>
  <datafield tag="650" ind1=" " ind2="7">
    <subfield code="a">šansony</subfield>
    <subfield code="z">Česko</subfield>
    <subfield code="y">2011-2020</subfield>
    <subfield code="7">ph224472</subfield>
    <subfield code="2">czenas</subfield>
  </datafield>
  <datafield tag="655" ind1=" " ind2="7">
    <subfield code="a">kompaktní disky</subfield>
    <subfield code="7">fd201991</subfield>
    <subfield code="2">czenas</subfield>
  </datafield>
  <datafield tag="700" ind1="1" ind2=" ">
    <subfield code="a">Suchý, Tomáš,</subfield>
    <subfield code="d">1966-</subfield>
    <subfield code="7">xx0111709</subfield>
    <subfield code="4">cmp</subfield>
  </datafield>
  <datafield tag="700" ind1="1" ind2=" ">
    <subfield code="a">Hynčíková, Petra</subfield>
    <subfield code="7">xx0111067</subfield>
    <subfield code="4">sng</subfield>
  </datafield>
  <datafield tag="710" ind1="2" ind2=" ">
    <subfield code="a">Lakuna (hudební skupina)</subfield>
    <subfield code="7">pna2013758954</subfield>
    <subfield code="4">prf</subfield>
  </datafield>
  <datafield tag="910" ind1=" " ind2=" ">
    <subfield code="a">CBA001</subfield>
  </datafield>
</record>
</collection>
